@Book{deBoer_book,
	author = {R. de Boer},
	publisher = {Springer-Verlag},
	title = {Vektor- und Tensorrechnung f\"{u}r Ingenieure},
	year = 1982
}

%---------------------------------------------------------------
% Books on nonlinear continuum mechanics
%---------------------------------------------------------------
@book{Bathe_book,
 author = {Bathe, K. J.},
 title = {Finite Element Procedures},
 year = {1996},
 isbn = {0-13-301458-4},
 publisher = {Prentice Hall},
} 

@Book{Bonet_book_statics,
	author = {J. Bonet and A. J. Gil and R. D. Wood},
	publisher = {Cambridge University Press},
	title = {Nonlinear {C}ontinuum {M}echanics for {F}inite {E}lement {A}nalysis: Statics},
	year = {2016},
}

@Book{Hughes_book,
  title = {The finite element method: \uppercase{L}inear static and dynamic
	finite element analysis},
  publisher = {Dover Publications},
  year = {2000},
  author = {T. J. R. Hughes}
}

@Book{Gonzalez_book,
	author = {O. Gonzalez and  A. M. Stuart},
    publisher = {Cambridge University Press},
	title = {A first course in {C}ontinuum {M}echanics},
	year = 2008
}

@Book{Belytschko_Liu_Moran_book,
  title = {{Nonlinear finite elements for continua and structures}},
  publisher = {John Wiley and Sons},
  year = {2000},
  author = {Ted Belytschko and W. K. Liu and Brian Moran}
}

@Book{deSouza_book,
	author = {E.A. de Souza Neto and D. Per\'{i}c and D.R.J. Owen},
	editor = {Johnn Wiley and Sons Ltd},
	title = {Computational Methods for Plasticity. Theory and Applications},
	year = 2008
}

@book{Dafermos_book,
 author = {Dafermos, C. M.},
 title = {Hyperbolic conservation laws in continuum physics},
 year = {2010},
 isbn = {978-3-642-04048-1},
 publisher = {Springer},
} 



@article{Kuhl_Crisfield_1999,
title = "Energy‐conserving and decaying Algorithms in non‐linear structural dynamics",
journal = "International Journal for Numerical Methods in Engineering",
volume = "45",
pages = "565-599",
year = "1999",
issn = "0045-7825",
author = "D. Kuhl and M. A. Crisfield",
}


@article{Kuhl_Crisfield_1996,
title = "Constraint Energy Momentum algorighm and its application to non-linear structural dynamics of shells",
journal = "Computer Methods in Applied Mechanics and Engineering",
volume = "136",
pages = "293-315",
year = "1996",
author = "D. Kuhl and M. A. Crisfield",
}



%---------------------------------------------------------------
% Publications as a result of the collaboration
%---------------------------------------------------------------
@article{EM_Electro_1,
title = "An energy–momentum time integration scheme based on a convex multi-variable framework for non-linear electro-elastodynamics",
journal = "Computer Methods in Applied Mechanics and Engineering",
volume = "339",
pages = "1-35",
year = "2018",
issn = "0045-7825",
doi = "https://doi.org/10.1016/j.cma.2018.04.021",
url = "http://www.sciencedirect.com/science/article/pii/S0045782518302007",
author = "R. Ortigosa and M. Franke and A. Janz and A.J. Gil and P. Betsch",
}

%---------------------------------------------------------------
% Gil group papers
%---------------------------------------------------------------
@article{Bonet_polyconvexity_2015,
author = {J. Bonet and A. J. Gil and R. Ortigosa},
title = {A computational framework for polyconvex large strain elasticity},
journal = {Computer Methods in Applied Mechanics and Engineering},
volume = {283},
pages = {1061-1094},
year = {2015}
}

@ARTICLE{Bonet_hyperbolicity_partI_2015,
  author = {J. Bonet and A. J. Gil and C. H. Lee and M. Aguirre and R. Ortigosa},
  title = {A first order hyperbolic framework for large strain computational solid dynamics - {P}art {I}: {T}otal {L}agrangian isothermal elasticity},
journal = "Computer Methods in Applied Mechanics and Engineering ",
volume = "283",
number = "0",
pages = "689-732",
year = "2015",
note = "",
issn = "0045-7825",
doi = "http://dx.doi.org/10.1016/j.cma.2014.09.024",
url = "http://www.sciencedirect.com/science/article/pii/S0045782514003478",
author = "Javier Bonet and Antonio J. Gil and Chun Hean Lee and Miquel Aguirre and Rogelio Ortigosa",
}



@ARTICLE{Bonet_hyperbolicity_partIII_2019,
  author = {J. Bonet and C. H. Lee and A. J. Gil and A. Ghavamian},
  title = {A first order hyperbolic framework for large strain computational solid dynamics - {P}art {III}: {T}hermo-elasticity},
journal = "Computer Methods in Applied Mechanics and Engineering ",
note = "Under review",
}

@article{Ortigosa_Gil_beam,
author = {R. Ortigosa and A. J. Gil and J. Bonet and C. Hesch},
title = {A computational framework for polyconvex large strain
elasticity for geometrically exact beam theory},
journal = {Computational Mechanics},
year = {2015},
volume={57},
pages = {277-303}
}

@ARTICLE{Gil_electro_partI_2016,
  author = {A. J. Gil and R. Ortigosa},
  title = {A new framework for large strain electromechanics based on convex multi-variable strain energies: variational formulation and material characterisation},
  journal = {Computer Methods in Applied Mechanics and Engineering},
  year = {2016},
  volume = {302},
  pages = {293-328},
}

@article{Gil_electro_partII_2016,
title = "A new framework for large strain electromechanics based on convex multi-variable strain energies: Finite Element discretisation and computational implementation",
journal = "Computer Methods in Applied Mechanics and Engineering",
volume = "302",
pages = "329-360",
year = "2016",
issn = "0045-7825",
doi = "https://doi.org/10.1016/j.cma.2015.12.007",
url = "http://www.sciencedirect.com/science/article/pii/S0045782515004090",
author = "R. Ortigosa and A. J. Gil",
}



@article{Gil_electro_partIII_2016,
title = "A new framework for large strain electromechanics based on convex multi-variable strain energies: Conservation laws, hyperbolicity and extension to electro-magneto-mechanics",
journal = "Computer Methods in Applied Mechanics and Engineering",
volume = "309",
pages = "202-242",
year = "2016",
issn = "0045-7825",
doi = "https://doi.org/10.1016/j.cma.2016.05.019",
url = "http://www.sciencedirect.com/science/article/pii/S0045782516303991",
author = "R. Ortigosa and A. J. Gil",
}

@ARTICLE{Ortigosa_Gil_Lee_incompressibility,
  author = {R. Ortigosa and  A. J. Gil and C. H. Lee},
  title = {A computational framework for large strain nearly and truly incompressible electromecahnics based on convex multi-variable strain energies},
  journal = {Computer Methods in Applied Mechanics and Engineering},
  year = {2016},
  volume = {310},
  pages = {297-334},
}

@article{Bonet_cross_product_2016,
author = {J. Bonet and A. J. Gil and R. Ortigosa}, 
title = {On a tensor cross product based formulation of large strain solid mechanics},
volume = {84}, 
number = {}, 
pages = {49-63}, 
year = {2016}, 
doi = {}, 
URL = {}, 
eprint = {}, 
journal = {International Journal of Solids and Structures} 
}

@article{Poya_curvilinear_2017,
title = "A curvilinear high order finite element framework for electromechanics: From linearised electro-elasticity to massively deformable dielectric elastomers",
journal = "Computer Methods in Applied Mechanics and Engineering",
volume = "329",
pages = "75-117",
year = "2018",
issn = "0045-7825",
doi = "https://doi.org/10.1016/j.cma.2017.09.020",
url = "http://www.sciencedirect.com/science/article/pii/S0045782517306503",
author = {R. Poya and A. J. Gil and R. Ortigosa and R. Sevilla and J. Bonet and W. A. Wall},
keywords = "Monolithic & staggered electro-elasticity, High order curvilinear meshes, Dielectric elastomers, Material instability, Wrinkling"
}

@article{Ortigosa_shells,
title = "A computational framework for incompressible electromechanics based on convex multi-variable strain energies for geometrically exact shell theory",
journal = "Computer Methods in Applied Mechanics and Engineering",
volume = "317",
pages = "792-816",
year = "2017",
issn = "0045-7825",
doi = "https://doi.org/10.1016/j.cma.2016.12.034",
url = "http://www.sciencedirect.com/science/article/pii/S004578251631444X",
author = "R. Ortigosa and A. J. Gil",
keywords = "Material stability, Shell, Geometrically exact shell theory, Electro Active Polymers"
}
%---------------------------------------------------------------
% EM time integrators
%---------------------------------------------------------------
@Article{Betsch_EM_mixed_2017,
	author = {P. Betsch and A. Janz and C. Hesch},
	title = {A mixed variational framework for the design of
                     energy-momentum schemes inspired by the structure of polyconvex stored energy functions},
	journal = {Computer Methods in Applied Mechanics and Engineering},
          volume = {335},
         pages   =  {660-696},
        year      = {2018} 
}

@article{Conde2017,
title = "On Energy-Entropy-Momentum integration methods for discrete thermo-visco-elastodynamics",
journal = "Computers \& Structures",
volume = "181",
pages = "3-20",
year = "2017",
note = "UK Association of Computational Mechanics",
issn = "0045-7949",
author = "S. C. Mart\'{i}n and J. C. Garc\'{i}a Orden",
}

@article{Betsch2018Thermo,
author = {M Franke and A. Janz and M. Schiebl and P. Betsch},
title = {An energy momentum consistent integration scheme using a polyconvexity-based framework for nonlinear thermo-elastodynamics},
journal = {International Journal for Numerical Methods in Engineering},
volume = {115},
pages = {549-577},
year = {2018}
}

@article{Betsch_EM_viscoelasticity_2010,
    author = {Gro{\ss}, M. and Betsch, P.},
    title = {Energy-momentum consistent finite element discretization of dynamic finite viscoelasticity},
    journal = {Int. J. Numer. Meth. Engng},
    pages = {1341-1386},
    year = {2010},
    volume = {81},
    number = {11},
    optdoi = {10.1002/nme.2729},
    annote = {/literature/Authors/MG/viscoelast_submitted_08.pdf, MG as corresponding author, NME-Dec-08-0785, submitted December 15, 2008, revised version accepted July 12, 2009}
}

@ARTICLE{Gonzalez_EM_2000,
  author = {Gonzalez, O.},
  title = {{Exact energy and momentum conserving algorithms for general models
	in nonlinear elasticity}},
  journal = {Comput. Methods Appl. Mech. Engrg.},
  year = {2000},
  volume = {190},
  pages = {1763--1783},
  doi = {10.1016/S0045-7825(00)00189-4},
  localfile = {/home/stefan/Dokumente/papers/Gonzalez/gonzalez2000.pdf},
  url = {http://dx.doi.org/10.1016/S0045-7825(00)00189-4}
}

@Article{Simo_EM_1992,
author="Simo, J. C.
and Tarnow, N.",
title="The discrete energy-momentum method. {C}onserving algorithms for nonlinear elastodynamics",
journal="Zeitschrift f{\"u}r angewandte Mathematik und Physik ZAMP",
year="1992",
month="Sep",
day="01",
volume="43",
number="5",
pages="757-792",
issn="1420-9039",
doi="10.1007/BF00913408",
url="https://doi.org/10.1007/BF00913408"
}

@article {Hesch_Betsch_EM_thermo_2011,
author = {Hesch, C. and Betsch, P.},
title = {Energy-momentum consistent algorithms for dynamic thermomechanical problems—{A}pplication to mortar domain decomposition problems},
journal = {International Journal for Numerical Methods in Engineering},
volume = {86},
number = {11},
publisher = {John Wiley & Sons, Ltd.},
issn = {1097-0207},
url = {http://dx.doi.org/10.1002/nme.3095},
doi = {10.1002/nme.3095},
pages = {1277-1302},
year = {2011},
}

@book{betsch_CISM2013,
    editor = {Betsch, P.},
    title = {Structure-preserving Integrators in Nonlinear Structural Dynamics and Flexible Multibody Dynamics},
    publisher = {Springer-Verlag},
    year = {2016},
    volume = {565},
    series = {CISM Courses and Lectures},
    annote = {/Literature/books/CISM/ Estimated Publication Date: May 2016, ISBN 978-3-319-31877-6}
}
@ARTICLE{gross17,
  author = {Gro\ss{}, M. and Dietzsch, J.},
  title = {Variational-based energy-momentum schemes of higher-order for elastic fiber-reinforced continua},
  journal = {Comput. Methods Appl. Mech. Engrg.},
  year = {2015},
  volume = {283},
  pages = {1061--1094},
  doi = {10.1016/j.cma.2014.10.002},
  localfile = {/home/stefan/Dokumente/papers/bonet2015.pdf},
  url = {http://dx.doi.org/10.1016/j.cma.2014.10.002}
}

@article{hesch_thermodomain_10,
    author = {Hesch, C. and Betsch, P.},
    title = {Energy-momentum consistent algorithms for dynamic thermomechanical problems -- Application to mortar domain decomposition problems},
    journal = {Int. J. Numer. Meth. Engng},
    pages = {1277-1302},
    year = {2011},
    volume = {86},
    number = {11},
    optdoi = {10.1002/nme.3095},
    annote = {NME-Jun-10-0392}
}

@article{betsch2016,
    author = {Betsch, P. and Janz, A.},
    title = {An energy-momentum consistent method for transient simulations with mixed finite elements developed in the framework of geometrically exact shells},
    journal  = {Int. J. Numer. Meth. Engng},
    volume = {108},
    number = {5},
    pages = {423-455},
    year = {2016},
    doi = {10.1002/nme.5217},
    annote = {submitted for publication October 13, 2015, revised January 11, 2016, accepted January 13, 2016}
}

@ARTICLE{betsch2005a,
  author = {Gross, M. and Betsch, P. and Steinmann, P.},
  title = {{Conservation properties of a time FE method. Part IV: Higher order
	energy and momentum conserving schemes}},
  journal = {Int. J. Numer. Methods Eng.},
  year = {2005},
  volume = {63},
  pages = {1849--1897},
  doi = {10.1002/nme.1339},
  localfile = {/home/stefan/Dokumente/papers/Betsch/betsch2005a.pdf},
  url = {http://dx.doi.org/10.1002/nme.1339}
}
 
@Article{Romero2012,
author="I. Romero",
title="An analysis of the stress formula for energy-momentum methods in nonlinear elastodynamics",
journal="Computational Mechanics",
year="2012",
month="Nov",
day="01",
volume="50",
number="5",
pages="603-610",
abstract="The energy-momentum method, a space--time discretization strategy for elastic problems in nonlinear solid, structural, and multibody mechanics relies critically on a discrete derivative operation that defines an approximation of the internal forces that guarantees the discrete conservation of energy and momenta. In the case of nonlinear elastodynamics, the formulation for general hyperelastic materials is due to Simo and Gonzalez, dating back to the mid-nineties. In this work we show that there are actually infinite second order energy-momentum methods for elastodynamics, all of them deriving from a modified midpoint integrator by an appropriate redefinition of the stress tensor at equilibrium. Such stress tensors can be interpreted as the solutions to local convex projections, whose precise definitions lead to different methods. The mathematical requirements of such projections are identified. Based on this geometrical interpretation several conserving methods are examined.",
issn="1432-0924",
doi="10.1007/s00466-012-0693-y",
url="https://doi.org/10.1007/s00466-012-0693-y"
}

@article{Romero2010,
title = "Algorithms for coupled problems that preserve symmetries and the laws of thermodynamics: Part {I}: Monolithic integrators and their application to finite strain thermoelasticity",
journal = "Computer Methods in Applied Mechanics and Engineering",
volume = "199",
number = "25",
pages = "1841 - 1858",
year = "2010",
issn = "0045-7825",
doi = "https://doi.org/10.1016/j.cma.2010.02.014",
url = "http://www.sciencedirect.com/science/article/pii/S0045782510000721",
author = "Ignacio Romero",
keywords = "Time integration, Structure preservation, Geometric integration, Coupled problems, Thermoelasticity, GENERIC",
abstract = "We propose discretizations for a general class of nonlinear, coupled, thermomechanical problems of evolution. The most salient feature of the new methods is that they rigorously preserve the two laws of thermodynamics as well as the symmetries of the systems they model. To formulate such methods we exploit the geometric structure afforded by the GENERIC formalism of non-equilibrium thermodynamics and we follow a systematic methodology that results in discrete evolution equations which mimic the GENERIC structure. As an illustration, a complete discretization of finite strain thermoelasticity is presented, using finite elements in space and a monolithic integrator in time. Simulations are provided which demonstrate the conservation features of the algorithm as well as its remarkable robustness."
}

%---------------------------------------------------------------
% Generic reading on polyconvexity
%---------------------------------------------------------------
@InBook{Ball_2002,
	author = {J. M. Ball},
	title = {Geometry, Mechanics and Dynamics},
	year = 2002,
	pages = {3-59},
	publisher = {Springer},
	chapter = {Some open problems in Elasticity }
}

@Article{Ball_1976,
	author = {J. M. Ball},
	title = {Convexity conditions and existence theorems in nonlinear elasticity},
	journal = {Archive for Rational Mechanics and Analysis},
	year = 1976,
	volume = 63,
	pages = {337-403}, 
	number = 4
}

@ARTICLE{Ball_Murat_1976,
  author = {J. M. Ball and F. Murat},
  title = {W$^{1,p}$-quasiconvexity and variational problems for multiple integrals},
  journal = {Journal of Functional Analysis},
  year = {1984},
  volume = {58},
  pages = {225-253},
  number = {3},
  doi = {http://dx.doi.org/10.1016/0022-1236(84)90041-7},
  issn = {0022-1236},
  url = {http://www.sciencedirect.com/science/article/pii/0022123684900417}
}

@Article{Ball_1976_2,
	author = {J. M. Ball},
	title = {Energy-minimising configurations in nonlinear elasticity},
	journal = {Archive for Rational Mechanics and Analysis},
	year = 1976,
	volume = 63,
	pages = {337-403}, 
	number = 4
}

@InBook{Le_Tallec_book,
	author = {P. Le Tallec},
	title = {Handbook of Numerical Analysis. Numerical Methods for Solids},
	year = 1994,
	editor = {P.G.Ciarlet, J.L. Lions},
	chapter = 2,
	publisher = {North Holland}
}

@Book{Marsden_book,
	author = {J. E. Marsden and T. J. R. Hughes},
	editor = {Dover Civil and Mechanical Engineering},
	title = {Mathematical foundations of elasticity},
	year = 1994
}

@Book{Ciarlet_book,
	author = {P. G. Ciarlet},
	editor = {Elsevier},
	title = {Mathematical Elasticity. Volume 1: Three Dimensional Elasticity},
	year = 1988
}

@Book{Dacorogna_book,
	author = {B. Dacorogna},
	editor = {S. S. Antman and J.E. Marsden and L. Sirovich},
	title = {Direct Methods in the Calculus of Variations},
	publisher = {Springer},
	year = 2008
}

@Article{Ciarlet_2010,
	author = {P. Ciarlet},
	title = {Existence theorems in intrinsic nonlinear elasticity},
	journal = {Journal des math\'{e}matiques pures et appliqu\'{e}s},
	year = 2010,
	volume = 94,
	pages = {229-243}
}

@article{hesch2017,
author = {C. Hesch and A.J. Gil and R. Ortigosa and M. Dittmann and C.  Bilgen and P. Betsch and M. Franke and A. Janz and K. Weinberg},
title = {A framework for polyconvex large strain phase-field methods to fracture },
journal = {Comput. Methods Appl. Mech. Engrg.},
volume = {317},
optnumber = {},
pages = {649-683},
year = {2017},
note = {},
issn = {0045-7825},
doi = {http://dx.doi.org/10.1016/j.cma.2016.12.035},
url = {http://www.sciencedirect.com/science/article/pii/S0045782516309677},
}

@article{Christoforou_Symmetrisation_polyconvex_thermoelasticity,
author = {C. Christoforou and M. Galanopoulou and A. E. Tzavaras},
title = {A symmetrizable extension of polyconvex thermoelasticity and applications to zero-viscosity limits and weak-strong uniqueness},
journal = {Communications in Partial Differential Equations},
volume = {0},
number = {0},
pages = {1-32},
year  = {2018},
publisher = {Taylor & Francis},
doi = {10.1080/03605302.2018.1456551},
URL = {https://doi.org/10.1080/03605302.2018.1456551},
eprint = { https://doi.org/10.1080/03605302.2018.1456551}
}




%---------------------------------------------------------------
% Schroder papers on polyconvexity
%---------------------------------------------------------------
@Article{Schroder_2005,
	author = {Schr\"oder, J. and Neff, P. and Balzani, D.},
	title = {A variational approach for materially stable anisotropic hyperelasticity},
	year = 2005,
	journal = {International Journal of Solids and Structures},
	volume = 42,
	pages = {4352-4371}
}

@ARTICLE{Schroder_2011,
  author = {J. Schr\"oder and P. Wriggers and D. Balzani},
  title = {A new mixed finite element based on different approximations of the minors of deformation tensors },
  journal = {Computer Methods in Applied Mechanics and Engineering },
  year = {2011},
  volume = {200},
  pages = {3583-3600},
  number = {49-52},
  doi = {http://dx.doi.org/10.1016/j.cma.2011.08.009},
  issn = {0045-7825},
  keywords = {Mixed finite elements},
  url = {http://www.sciencedirect.com/science/article/pii/S0045782511002647}
}

@Article{Schroder_2003,
	author = {Schr\"oder, J. and  Neff, P.},
	title = {Invariant formulation of hyperelastic transverse isotropy based on polyconvex free energy functions},
	journal = {International Journal of Solids and Structures},
	year = 2003,
	volume = 40,
	pages = {401-445}
}

@Article{Ebbing_2009,
	author = {V. Ebbing, J. Schr\"oder, P. Neff},
	title = {Approximation of anisotropic elasticity tensors at the reference state with polyconvex energies},
	journal = {Journal of Archive of  Applied Mechanics},
	year = 2009,
	volume = 79,
	pages = {652-657}
}

@incollection{Schroderbook,
  author      = {J. Schr\"oder},
  title       = {Anisotropic Polyconvex Energies},
  editor      = {J. Schr\"oder and P. Neff},
  booktitle   = {Poly-, quasi- and rank-one convexity in Applied Mechanics, \text{volume 516 of {CISM} {C}ourses and {L}ectures}},
  publisher   = {Springer-Verlag},
  pages       = {53-105},
  year        = {2010},
  volume      = {516 of {CISM} {C}ourses and {L}ectures},
}

@Article{Schroder_2008,
	author = {J. Schr\"oder and P. Neff and V. Ebbing},
	title = {Anisotropic polyconvex energies on the basis of crystallographic motived structural tensors},
	pages = {3486-3506},
	year = 2008,
	journal = {Journal of Mechanics and Physics of Solids},
	volume = 56
}

%---------------------------------------------------------------
% LBB papers
%---------------------------------------------------------------
@ARTICLE{Hughes_Franca_Balestra,
  author = {T. J. R. Hughes and L. P. Franca and M. Balestra},
  title = {A new finite element formulation for computational fluid dynamics:
	\uppercase{V}. \uppercase{C}ircumventing the \uppercase{B}abu\v{s}ka-\uppercase{B}rezzi
	condition: a stable \uppercase{P}etrov-\uppercase{G}alerkin formulation
	of the \uppercase{S}tokes problem accommodating equal-order interpolations},
  journal = {Computer Methods in Applied Mechanics and Engineering},
  year = {1986},
  volume = {59},
  pages = {85-99}
}

@book{Brezzi_book_mixed_FEM,
 author = {Brezzi, F. and Fortin, M.},
 title = {Mixed and Hybrid Finite Element Methods},
 year = {1991},
 isbn = {0-387-97582-9},
 publisher = {Springer-Verlag New York, Inc.},
 address = {New York, NY, USA},
} 

%---------------------------------------------------------------
% Electro: instability
%---------------------------------------------------------------
@article{Dorfmann_electroelastic_waves_2010,
author = {Dorfmann, A. and Ogden, R. W.}, 
title = {Electroelastic waves in a finitely deformed electroactive material},
volume = {75}, 
number = {4}, 
pages = {603-636}, 
year = {2010}, 
doi = {10.1093/imamat/hxq022}, 
URL = {http://imamat.oxfordjournals.org/content/75/4/603.abstract}, 
eprint = {http://imamat.oxfordjournals.org/content/75/4/603.full.pdf+html}, 
journal = {IMA Journal of Applied Mathematics} 
}

@article{Zhou_Zhao_Suo_2008,
title = "Propagation of instability in dielectric elastomers ",
journal = "International Journal of Solids and Structures ",
volume = "45",
number = "13",
pages = "3739-3750",
year = "2008",
issn = "0020-7683",
doi = "http://dx.doi.org/10.1016/j.ijsolstr.2007.09.031",
url = "http://www.sciencedirect.com/science/article/pii/S0020768307003939",
author = "J. Zhou and W. Hong and X. Zhao and Z. Zhang and Z. Suo",
}

%---------------------------------------------------------------
% Electro: constitutive models
%---------------------------------------------------------------
@article{Bustamante_Merodio_2011,
title = "Constitutive structure in coupled non-linear electro-elasticity: Invariant descriptions and constitutive restrictions ",
journal = "International Journal of Non-Linear Mechanics ",
volume = "46",
number = "10",
pages = "1315 - 1323",
year = "2011",
note = "",
issn = "0020-7462",
doi = "http://dx.doi.org/10.1016/j.ijnonlinmec.2011.06.010",
url = "http://www.sciencedirect.com/science/article/pii/S0020746211001582",
author = "R. Bustamante and J. Merodio",
}

@article{Bustamente_2010_Acta_Mechanica,
year={2009},
issn={0001-5970},
journal={Acta Mechanica},
volume={206},
number={3-4},
doi={10.1007/s00707-008-0092-9},
title={Transversely isotropic non-linear electro-active elastomers},
url={http://dx.doi.org/10.1007/s00707-008-0092-9},
publisher={Springer Vienna},
author={Bustamante, R.},
pages={237-259},
language={English}
}

@article{Itskov_electro,
author = {Itskov, M. and Khi\^{e}m, V.  N.}, 
title = {A polyconvex anisotropic free energy function for electro- and magneto-rheological elastomers},
year = {2014}, 
pages ={1-12},
doi = {10.1177/1081286514555140},  
URL = {http://mms.sagepub.com/content/early/2014/10/21/1081286514555140.abstract}, 
eprint = {http://mms.sagepub.com/content/early/2014/10/21/1081286514555140.full.pdf+html}, 
journal = {Mathematics and Mechanics of Solids} 
}

%---------------------------------------------------------------
% Electro: formulation
%---------------------------------------------------------------
@article{Vogel_Steinmann_Bustamante,
title = "On some mixed variational principles in electro-elastostatics ",
journal = "International Journal of Non-Linear Mechanics ",
volume = "47",
number = "2",
pages = "341-354",
year = "2012",
note = "Nonlinear Continuum Theories ",
issn = "0020-7462",
doi = "http://dx.doi.org/10.1016/j.ijnonlinmec.2011.08.001",
url = "http://www.sciencedirect.com/science/article/pii/S0020746211001843",
author = "F. Vogel and R. Bustamante and P. Steinmann",
keywords = "Continuum mechanics",
keywords = "Electrostatics",
keywords = "Mixed principles "
}

@article {Miehe_material_stability_electro,
author = {Miehe, C. and Vallicotti, D. and Z\"{a}h, D.},
title = {Computational structural and material stability analysis in finite electro-elasto-statics of electro-active materials},
journal = {International Journal for Numerical Methods in Engineering},
volume = {102},
number = {10},
issn = {1097-0207},
url = {http://dx.doi.org/10.1002/nme.4855},
doi = {10.1002/nme.4855},
pages = {1605-1637},
keywords = {electro-mechanics, structural stability, material stability, variational principles, electroactive polymers, finite strains, finite element analysis},
year = {2015},
note = {nme.4855},
}

@article{Jabareen2015,
title = "On the Modeling of Electromechanical Coupling in Electroactive Polymers Using the Mixed Finite Element Formulation ",
journal = "Procedia \{IUTAM\} ",
volume = "12",
number = "",
pages = "105-115",
year = "2015",
note = "\{IUTAM\} Symposium on Mechanics of Soft Active Materials ",
issn = "2210-9838",
doi = "http://dx.doi.org/10.1016/j.piutam.2014.12.012",
url = "http://www.sciencedirect.com/science/article/pii/S2210983814000856",
author = "M. Jabareen",
keywords = "Electroactive polymers",
keywords = "Electromechanical coupling",
keywords = "Finite deformation",
keywords = "Mixed finite element formulation "
}

@article {Vu_Steinmann_Possart_2007,
author = {Vu, D. K. and Steinmann, P. and Possart, G.},
title = {Numerical modelling of non-linear electroelasticity},
journal = {International Journal for Numerical Methods in Engineering},
volume = {70},
number = {6},
publisher = {John Wiley & Sons, Ltd.},
issn = {1097-0207},
url = {http://dx.doi.org/10.1002/nme.1902},
doi = {10.1002/nme.1902},
pages = {685-704},
keywords = {non-linear coupling, non-linear elasticity, static electricity},
year = {2007},
}

@article{Suo_Zhao_2008,
title = "A nonlinear field theory of deformable dielectrics ",
journal = "Journal of the Mechanics and Physics of Solids ",
volume = "56",
number = "2",
pages = "467-486",
year = "2008",
note = "",
issn = "0022-5096",
doi = "http://dx.doi.org/10.1016/j.jmps.2007.05.021",
url = "http://www.sciencedirect.com/science/article/pii/S002250960700110X",
author = "Z. Suo and X. Zhao and W. H. Greene",
}

@article{McMeeking_Landis_2008,
title = "Electrostatic Forces and Stored Energy for Deformable Dielectric Materials ",
journal = "Journal of Applied Mechanics ",
volume = "72",
number = "4",
pages = "581-590",
year = "2008",
note = "",
issn = "0021-8936",
doi = "http://dx.doi.org/10.1115/1.2966272",
author = "McMeeking, R. M. and Landis, C. M.",
}

@article{Dormann_Odgen_2005,
year={2005},
issn={0001-5970},
journal={Acta Mechanica},
volume={174},
number={3-4},
doi={10.1007/s00707-004-0202-2},
title={Nonlinear electroelasticity},
url={http://dx.doi.org/10.1007/s00707-004-0202-2},
publisher={Springer-Verlag},
author={Dorfmann, A. and Ogden, R. W.},
pages={167-183},
language={English}
}

@article{Dormann_Ogden_2006,
year={2006},
issn={0374-3535},
journal={Journal of Elasticity},
volume={82},
number={2},
doi={10.1007/s10659-005-9028-y},
title={Nonlinear Electroelastic Deformations},
url={http://dx.doi.org/10.1007/s10659-005-9028-y},
publisher={Springer Netherlands},
keywords={electroelasticity; nonlinear elasticity; electro-active elastomers; electromechanical interactions; 74B20; 74F15; 74G05},
author={Dorfmann, A. and Ogden, R.W.},
pages={99-127},
language={English}
}

@article{Bustamante_Dorfmann_Ogden_2009_variational,
year={2009},
issn={0044-2275},
journal={Zeitschrift f\"ur angewandte Mathematik und Physik},
volume={60},
number={1},
doi={10.1007/s00033-007-7145-0},
title={Nonlinear electroelastostatics: a variational framework},
url={http://dx.doi.org/10.1007/s00033-007-7145-0},
publisher={SP Birkh\"user Verlag Basel},
author={Bustamante, R. and Dorfmann, A. and Ogden, R.W.},
pages={154-177},
language={English}
}

@article{Bustamante_Dorfmann_Ogden_2009,
title = "On electric body forces and {M}axwell stresses in nonlinearly electroelastic solids ",
journal = "International Journal of Engineering Science ",
volume = "47",
number = "11-12",
pages = "1131-1141",
year = "2009",
issn = "0020-7225",
doi = "http://dx.doi.org/10.1016/j.ijengsci.2008.10.010",
url = "http://www.sciencedirect.com/science/article/pii/S0020722508001730",
author = "R. Bustamante and A. Dorfmann and R.W. Ogden",
}

@article{Sansour_2012,
title = "A multiplicative approach for nonlinear electro-elasticity ",
journal = "Computer Methods in Applied Mechanics and Engineering ",
volume = "245-246",
number = "0",
pages = "243-255",
year = "2012",
note = "",
issn = "0045-7825",
doi = "http://dx.doi.org/10.1016/j.cma.2012.07.002",
url = "http://www.sciencedirect.com/science/article/pii/S0045782512002228",
author = "S. Skatulla and C. Sansour and A. Arockiarajan",
}

@article{Vu_Steinmann_BEM_FEM_3D,
title = "On 3-{D} coupled {BEM}-{FEM} simulation of nonlinear electro-elastostatics ",
journal = "Computer Methods in Applied Mechanics and Engineering ",
volume = "201-204",
number = "0",
pages = "82-90",
year = "2012",
note = "",
issn = "0045-7825",
doi = "http://dx.doi.org/10.1016/j.cma.2011.08.024",
url = "http://www.sciencedirect.com/science/article/pii/S0045782511002799",
author = "D. K. Vu and P. Steinmann",
}

@article{Vu_Steinmann_BEM_FEM_2D,
title = "A 2-{D} coupled {BEM}-{FEM} simulation of electro-elastostatics at large strain ",
journal = "Computer Methods in Applied Mechanics and Engineering ",
volume = "199",
number = "17-20",
pages = "1124-1133",
year = "2010",
note = "",
issn = "0045-7825",
doi = "http://dx.doi.org/10.1016/j.cma.2009.12.001",
url = "http://www.sciencedirect.com/science/article/pii/S0045782509004009",
author = "D. K. Vu and P. Steinmann",
}

%---------------------------------------------------------------
% Material stability
%---------------------------------------------------------------
@article{Siboni_Casteneda_2014,
author = {Siboni, M. H. and Avazmohammadi, R. and {Casta\~{n}eda}, P. P.}, 
title = {Electromechanical instabilities in fiber-constrained, dielectric-elastomer composites subjected to all-around dead-loading},
year = {2014}, 
doi = {10.1177/1081286514551501},  
journal = {Mathematics and Mechanics of Solids} 
}

@article{Siboni_Castaneda_2014_fiber_constrained_DE,
title = {Fiber-constrained, dielectric-elastomer composites: Finite-strain response and stability analysis},
journal = {Journal of the Mechanics and Physics of Solids },
volume = {68},
number = {0},
pages = {211-238},
year = {2014},
note = {},
issn = {0022-5096},
doi = {http://dx.doi.org/10.1016/j.jmps.2014.03.008},
url = {http://www.sciencedirect.com/science/article/pii/S0022509614000489},
author = {M. H. Siboni and P. P. {Casta\~{n}eda}},
}

@article{Bertoldi_Gei_2011,
title = "Instabilities in multilayered soft dielectrics ",
journal = "Journal of the Mechanics and Physics of Solids ",
volume = "59",
number = "1",
pages = "18-42",
year = "2011",
note = "",
issn = "0022-5096",
doi = "http://dx.doi.org/10.1016/j.jmps.2010.10.001",
url = "http://www.sciencedirect.com/science/article/pii/S0022509610002036",
author = "K. Bertoldi and M. Gei",
}

%---------------------------------------------------------------
% Electro Active Polymers: Generic Reading
%---------------------------------------------------------------
@article{Pelrine_1998,
title = "Electrostriction of polymer dielectrics with compliant electrodes as a means of actuation ",
journal = "Sensors and Actuators A: Physical ",
volume = "64",
number = "1",
pages = "77-85",
year = "1998",
issn = "0924-4247",
doi = "http://dx.doi.org/10.1016/S0924-4247(97)01657-9",
url = "http://www.sciencedirect.com/science/article/pii/S0924424797016579",
author = "R. E. Pelrine and R. D. Kornbluh and J. P. Joseph",
}

@article{Pelrine_2000,
author = {Pelrine, R. and Kornbluh, R. and Pei, Q. and Joseph, J.}, 
title = {High-Speed Electrically Actuated Elastomers with Strain Greater Than 100 \%},
volume = {287}, 
number = {5454}, 
pages = {836-839}, 
year = {2000}, 
journal = {Science} 
}

@article{Pelrine_2003,
author = {Kofod, G. and Sommer-Larsen, P. and Kornbluh, R. and Pelrine, R.}, 
title = {Actuation Response of Polyacrylate Dielectric Elastomers},
volume = {14}, 
number = {12}, 
pages = {787-793}, 
year = {2003}, 
doi = {10.1177/104538903039260}, 
URL = {http://jim.sagepub.com/content/14/12/787.abstract}, 
eprint = {http://jim.sagepub.com/content/14/12/787.full.pdf+html}, 
journal = {Journal of Intelligent Material Systems and Structures} 
}

@proceeding{Pelrine_2002,
author = {Pelrine, Ron and Kornbluh, Roy D. and Pei, Qibing and Stanford, Scott and Oh, Seajin and Eckerle, Joseph and Full, Robert J. and Rosenthal, Marcus A. and Meijer, Kenneth},
title = {Dielectric elastomer artificial muscle actuators: toward biomimetic motion},
journal = {Proc. SPIE},
volume = {4695},
number = {},
pages = {126-137},
year = {2002},
doi = {10.1117/12.475157},
URL = { http://dx.doi.org/10.1117/12.475157},
eprint = {}
}

@article{Zhao_2008_electrostriction,
   author = "Zhao, X. and Suo, Z.",
   title = "Electrostriction in elastic dielectrics undergoing large deformation",
   journal = "Journal of Applied Physics",
   year = "2008",
   volume = "104",
   number = "12", 
   pages = 123530,
   url = "http://scitation.aip.org/content/aip/journal/jap/104/12/10.1063/1.3031483",
   doi = "http://dx.doi.org/10.1063/1.3031483" 
}

@article{Li_2011_saturation_DE,
author = { B. Li  and  L. Liu  and Z. Suo},
title = {Extension limit, polarization saturation, and snap-through instability of dielectric elastomers},
journal = {International Journal of Smart and Nano Materials},
volume = {2},
number = {2},
pages = {59-67},
year = {2011},
doi = {10.1080/19475411.2011.567306},
}

@Inbook{Skov_review_2016,
author="Skov, A. L.
and Pei, O.
and Opris, D.
and Spontak, R. J.
and Gallone, G.
and Shea, H.
and Benslimane, M. Y.",
editor="Carpi, Federico",
title="Dielectric Elastomers (DEs) as EAPs: Materials",
bookTitle="Electromechanically Active Polymers: A Concise Reference",
year="2016",
publisher="Springer International Publishing",
address="Cham",
pages="1--28",
abstract="Dielectric elastomer actuators (DEAs) consist of a thin elastomer with even thinner compliant electrodes, both of equal importance for obtaining actuation. In this chapter, materials for both elastomers and electrodes will be discussed.",
isbn="978-3-319-31767-0",
doi="10.1007/978-3-319-31767-0_31-1",
url="https://doi.org/10.1007/978-3-319-31767-0_31-1"
}

%---------------------------------------------------------------
% Electro Active Polymers: Applications
%---------------------------------------------------------------
@article{Chiba_2013_energy_harvesting,
title = "Consistent ocean wave energy harvesting using electroactive polymer (dielectric elastomer) artificial muscle generators ",
journal = "Applied Energy ",
volume = "104",
number = "0",
pages = "497-502",
year = "2013",
note = "",
issn = "0306-2619",
doi = "http://dx.doi.org/10.1016/j.apenergy.2012.10.052",
url = "http://www.sciencedirect.com/science/article/pii/S0306261912007714",
author = "S. Chiba and M. Waki and T. Wada and Y. Hirakawa and K. Masuda and T. Ikoma",
}

@article{Li_2013_giant_deformation,
title = "Giant voltage-induced deformation in dielectric elastomers near the verge of snap-through instability ",
journal = "Journal of the Mechanics and Physics of Solids ",
volume = "61",
number = "2",
pages = "611-628",
year = "2013",
note = "",
issn = "0022-5096",
doi = "http://dx.doi.org/10.1016/j.jmps.2012.09.006",
url = "http://www.sciencedirect.com/science/article/pii/S0022509612001986",
author = "T. Li and C. Keplinger and R. Baumgartner and S. Bauer and W. Yang and Z. Suo",
}

@article{DE_review_2008,
   author = {O'Halloran, A. and O'Malley, F. and McHugh, P.},
   title = {A review on dielectric elastomer actuators, technology, applications, and challenges},
   journal = {Journal of Applied Physics},
   year = {2008},
   volume = {104},
   number = {7}, 
   url = {http://scitation.aip.org/content/aip/journal/jap/104/7/10.1063/1.2981642},
   doi = {http://dx.doi.org/10.1063/1.2981642}
}


